<?xml version="1.0" encoding="UTF-8"?><record xmlns="http://www.loc.gov/MARC21/slim" xmlns:cinclude="http://apache.org/cocoon/include/1.0" xmlns:zs="http://www.loc.gov/zing/srw/">
  <leader>00350nz  a2200121n  4500</leader>
  <controlfield tag="001">nr 99030547 </controlfield>
  <controlfield tag="003">DLC</controlfield>
  <controlfield tag="005">19990930013805.0</controlfield>
  <controlfield tag="008">990929n| acannaabn          |n aaa     c</controlfield>
  <datafield tag="010" ind1=" " ind2=" ">
    <subfield code="a">nr 99030547 </subfield>
  </datafield>
  <datafield tag="040" ind1=" " ind2=" ">
    <subfield code="a">CtY-Mus</subfield>
    <subfield code="b">eng</subfield>
    <subfield code="c">CtY-Mus</subfield>
  </datafield>
  <datafield tag="100" ind1="1" ind2=" ">
    <subfield code="a">Kleynjans, Francis.</subfield>
    <subfield code="t">Waltzes,</subfield>
    <subfield code="m">guitar,</subfield>
    <subfield code="n">op. 64</subfield>
  </datafield>
  <datafield tag="670" ind1=" " ind2=" ">
    <subfield code="a">Kleynjans, F. Deux valses pour guitare, op. 64, c1984.</subfield>
  </datafield>
</record>